@InProceedings{BMSengupta20,
  title={Background Matting: The World is Your Green Screen},
  author = {Soumyadip Sengupta and Vivek Jayaram and Brian Curless and Steve Seitz and Ira Kemelmacher-Shlizerman},
  booktitle={Computer Vision and Pattern Regognition (CVPR)},
  year={2020}
}
@inproceedings{lu2021,
  title={Omnimatte: Associating Objects and Their Effects in Video},
  author={Lu, Erika and Cole, Forrester and Dekel, Tali and Zisserman, Andrew and Freeman, William T and Rubinstein, Michael},
  booktitle={CVPR},
  year={2021}
}